@book{Kopka,
	key = {01},
	author = {Helmut Kopka and Patrick W. Daly},
	title = {LATEX: podrobný průvodce},
	publisher = {Computer Press},
	address = {Brno},
	year = {2004},
	edition = {1. vyd},
	ISBN = {80-7226-973-9},
}

@book{Rybicka,
	key = {02},
	author = {Jiří Rybička},
	title = {Latex pro začátečníky},
	publisher = {Konvoj},
	address = {Brno},
	year = {2003},
	edition = {3. vyd},
	ISBN = {80-7302-049-1},
}

@misc{Techpout,
	key = {03},
	author = {Snigdha},
	title = {TechPout},
	secondarytitle = {13 Best LaTeX Editors You Must Try in 2023},
	publisher = {TechPout Products and Services},
	address = {Jaipur},
	year = {c2023},
	howpublished = {online},
	cited = {2023-03-07},
	URL = {https://www.techpout.com/best-latex-editors/},
}

@misc{Guru99,
	key = {04},
	author = {Matthew Martin},
	title = {Guru99},
	secondarytitle = {14 BEST LaTeX Editor for Mac \& Windows in 2023},
	publisher = {Guru99},
	address = {Wilmington},
	year = {c2023},
	howpublished = {online},
	cited = {2023-03-07},
	URL = {https://www.guru99.com/best-latex-editors-window-mac.html},
}

@misc{Beebom,
	key = {05},
	author = {Srikanth A.N.},
	title = {Beebom},
	secondarytitle = {12 Best LaTeX Editors You Should Use},
	publisher = {Beebom Media Private Limited},
	address = {Nové Dillí},
	howpublished = {online},
	cited = {2023-03-07},
	URL = {https://beebom.com/best-latex-editors/},
}

@misc{texmaker,
	key = {06},
	author = {Pascal Brachet},
	title = {TEXMAKER: Free cross-platform LaTeX editor since 2003},
	year = {c2003-2023},
	cited = {2023-02-24},	
	publisher = {Pascal Brachet},
	howpublished = {online},
	address = {Agen},
	URL = {https://www.xm1math.net/texmaker/index.html},
}

@misc{Texstudio,
	key = {07},
	title = {\TeX studio - A \LaTeX\ editor},
	secondarytitle = {Welcome to \TeX studio},
	publisher = {Benito van der Zander},
	address = {Lübeck},
	cited = {2023-03-02},
	howpublished = {online},
	URL = {https://www.texstudio.org},
}

@misc{Texstudiofeatures,
	key = {08},
	title = {\TeX studio - A \LaTeX\ editor},
	secondarytitle = {Features},
	publisher = {Benito van der Zander},
	address = {Lübeck},
	cited = {2023-03-02},
	howpublished = {online},
	URL = {https://www.texstudio.org},
}

@misc{Lyx,
	key = {09},
	title = {LyX – The Document Processor},
	secondarytitle = {What is LyX?},
	publisher = {The LyX Team},
	howpublished = {online},
	cited = {2023-03-06},
	URL = {https://www.lyx.org/WhatIsLyX},
}

@misc{Lyximg,
	key = {10},
	title = {LyX – The Document Processor},
	secondarytitle = {Ukázka LyX editoru},
	publisher = {The LyX Team},
	howpublished = {online},
	cited = {2023-03-06},
	URL = {https://www.lyx.org/Screenshots},
}

@misc{Lyxfeatures,
	key = {11},
	title = {LyX – The Document Processor},
	secondarytitle = {Features},
	publisher = {The LyX Team},
	howpublished = {online},
	cited = {2023-03-06},
	URL = {https://www.lyx.org/Features},
}

@misc{Overleaf,
	key = {12},
	title = {Overleaf},
	secondarytitle = {About us},
	publisher = {Overleaf c/o Digital Science},
	address = {Londýn},
	year = {c2023},
	cited = {2023-03-02},
	howpublished = {online},
	URL = {https://www.overleaf.com/about},
}

@misc{Overleafpremium,
	key = {13},
	title = {Overleaf},
	secondarytitle = {Overleaf premium features},
	publisher = {Overleaf c/o Digital Science},
	address = {Londýn},
	year = {c2023},
	cited = {2023-03-02},
	howpublished = {online},
	URL = {https://www.overleaf.com/learn/how-to/Overleaf_premium_features},
}

@misc{Overleafpremiumtab,
	key = {14},
	title = {Overleaf},
	secondarytitle = {Choose Your Plan},
	publisher = {Overleaf c/o Digital Science},
	address = {Londýn},
	year = {c2023},
	cited = {2023-03-02},
	howpublished = {online},
	URL = {https://www.overleaf.com/user/subscription/plans},
}

@misc{Overleaflimity,
	key = {15},
	title = {Overleaf},
	secondarytitle = {What is the maximum compilation time, file number and project size allowed on free vs paid plans?},
	publisher = {Overleaf c/o Digital Science},
	address = {Londýn},
	year = {c2023},
	cited = {2023-04-03},
	howpublished = {online},
	URL = {https://www.overleaf.com/learn/how-to/What_is_the_maximum_compilation_time%2C_file_number_and_project_size_allowed_on_free_vs_paid_plans%3F},
}

@misc{Papeeria,
	key = {16},
	title = {Papeeria},
	publisher = {BarD Software},
	address = {Praha},
	year = {2018},
	hopublished = {online},
	cited = {2023-03-10},
	URL = {https://www.papeeria.com/landing},
}

@misc{Papeeriafeatures,
	key = {17},
	title = {Papeeria},
	secondarytitle = {Pricing Plans},
	publisher = {BarD Software},
	address = {Praha},
	year = {2020},
	howpublished = {online},
	cited = {2023-03-10},
	URL = {https://www.papeeria.com/about/pricing},
}

@misc{Papeeriaimg,
	key = {18},
	title = {Papeeria},
	secondarytitle = {Ukázka prostředí Papeeria editoru},
	publisher = {BarD Software},
	address = {Praha},
	year = {2018},
	howpublished = {online},
	cited = {2023-03-10},
	URL = {https://www.papeeria.com/landing},
}

